<record><leader>00000cas a2200000 a 4500</leader><controlfield tag="001">11265745</controlfield><controlfield tag="008">841015d19661967ksuwr ne      0   a0eng d</controlfield><datafield ind1=" " ind2=" " tag="010"><subfield code="a">sn 84029915 </subfield></datafield><datafield ind1=" " ind2=" " tag="040"><subfield code="a">KSH</subfield><subfield code="b">eng</subfield><subfield code="c">KSH</subfield><subfield code="d">NPT</subfield><subfield code="d">OCL</subfield><subfield code="d">OCLCQ</subfield></datafield><datafield ind1=" " ind2=" " tag="042"><subfield code="a">msc</subfield></datafield><datafield ind1="0" ind2="0" tag="245"><subfield code="a">West-Franklin reporter.</subfield></datafield><datafield ind1=" " ind2=" " tag="260"><subfield code="a">Pomona, Kan. :</subfield><subfield code="b">Clare Sowers,</subfield><subfield code="c">1966-1967.</subfield></datafield><datafield ind1=" " ind2=" " tag="300"><subfield code="a">1 v. :</subfield><subfield code="b">ill. ;</subfield><subfield code="c">44 cm.</subfield></datafield><datafield ind1=" " ind2=" " tag="310"><subfield code="a">Weekly</subfield></datafield><datafield ind1="0" ind2=" " tag="362"><subfield code="a">Vol. 1, no. 1 (Nov. 3, 1966)-v. 1, no. 26 (Apr. 27, 1967).</subfield></datafield><datafield ind1=" " ind2=" " tag="500"><subfield code="a">"The ambassador of unified school district 287," Nov. 3-Dec. 8, 1966; "The community ambassador," Dec. 15, 1966-Apr. 27, 1967.</subfield></datafield><datafield ind1=" " ind2=" " tag="752"><subfield code="a">United States</subfield><subfield code="b">Kansas</subfield><subfield code="c">Franklin</subfield><subfield code="d">Pomona.</subfield></datafield></record>